<record><leader>00000cas a2200000Ma 4500</leader><controlfield tag="001">191319808</controlfield><controlfield tag="008">830411d1837184ugaudn ne      0    0eng  </controlfield><controlfield tag="009">330</controlfield><datafield ind1=" " ind2=" " tag="010"><subfield code="a">sn 83016090 </subfield></datafield><datafield ind1=" " ind2=" " tag="040"><subfield code="a">DLC</subfield><subfield code="b">eng</subfield><subfield code="c">AQM</subfield></datafield><datafield ind1="0" ind2=" " tag="130"><subfield code="a">Daily Georgian (Savannah, Ga. : 1837)</subfield></datafield><datafield ind1="0" ind2="4" tag="245"><subfield code="a">The Daily Georgian.</subfield></datafield><datafield ind1=" " ind2=" " tag="260"><subfield code="a">Savannah, Ga. :</subfield><subfield code="b">W.H. Bulloch,</subfield><subfield code="c">1837-</subfield></datafield><datafield ind1=" " ind2=" " tag="300"><subfield code="a">v. ;</subfield><subfield code="c">60 cm.</subfield></datafield><datafield ind1=" " ind2=" " tag="310"><subfield code="a">Daily (except Sun.)</subfield></datafield><datafield ind1="0" ind2=" " tag="362"><subfield code="a">Oct. 23, 1837-</subfield></datafield><datafield ind1=" " ind2="7" tag="655"><subfield code="a">Newspapers.</subfield><subfield code="2">rbgenr</subfield></datafield><datafield ind1=" " ind2=" " tag="752"><subfield code="a">United States</subfield><subfield code="b">Georgia</subfield><subfield code="c">Chatham</subfield><subfield code="d">Savannah.</subfield></datafield><datafield ind1="0" ind2=" " tag="775"><subfield code="t">Tri-weekly Georgian, for the country</subfield></datafield><datafield ind1="0" ind2=" " tag="775"><subfield code="t">Weekly Georgian</subfield><subfield code="w">(DLC)sn 85040618</subfield></datafield><datafield ind1="0" ind2="0" tag="785"><subfield code="t">Georgian (Savannah, Ga. : 1841)</subfield><subfield code="w">(DLC)sn 83016091</subfield></datafield></record>